@book {nltk,
    title = {Natural Language Processing with Python},
    author = {Bird, Steven, Edward Loper and Ewan Klein},
    year = {2009},
    publisher = {O’Reilly Media Inc.}
}

@online{mediumluiz,
    author = "Luiz Felipe da C. Souza",
    title = "No ônibus",
    url  = "https://medium.com/@luizsci42/no-%C3%B4nibus-54e051509c2b",
    addendum = "(accessed: 19.07.2019)"
}