@inproceedings{murthy2012,
author = {Murthy, M. K. Mohan and Sanjay, H. A. and Ashwini, J. P.},
title = {Pricing Models and Pricing Schemes of IaaS Providers: A Comparison Study},
year = {2012},
isbn = {9781450311960},
publisher = {Association for Computing Machinery},
address = {New York, NY, USA},
url = {https://doi.org/10.1145/2345396.2345421},
doi = {10.1145/2345396.2345421},
booktitle = {Proceedings of the International Conference on Advances in Computing, Communications and Informatics},
pages = {143–147},
numpages = {5},
keywords = {storage space, pricing models, IaaS, cloud computing},
location = {Chennai, India},
series = {ICACCI ’12}
}

@inproceedings{murthy2012pricing,
  title={Pricing models and pricing schemes of IaaS providers: a comparison study},
  author={Murthy, MK Mohan and Sanjay, HA and Ashwini, JP},
  booktitle={Proceedings of the International Conference on Advances in Computing, Communications and Informatics},
  pages={143--147},
  year={2012}
}

@inproceedings{peng2009comparison,
  title={Comparison of several cloud computing platforms},
  author={Peng, Junjie and Zhang, Xuejun and Lei, Zhou and Zhang, Bofeng and Zhang, Wu and Li, Qing},
  booktitle={2009 Second international symposium on information science and engineering},
  pages={23--27},
  year={2009},
  organization={IEEE}
}

@inproceedings{hyseni2017comparison,
  title={Comparison of the cloud computing platforms provided by Amazon and Google},
  author={Hyseni, Lindita Nebiu and Ibrahimi, Af{\"e}rdita},
  booktitle={2017 Computing Conference},
  pages={236--243},
  year={2017},
  organization={IEEE}
}

@article{mazrekaj2016pricing,
  title={Pricing schemes in cloud computing: an overview},
  author={Mazrekaj, Artan and Shabani, Isak and Sejdiu, Besmir},
  journal={International Journal of Advanced Computer Science and Applications},
  volume={7},
  number={2},
  pages={80--86},
  year={2016}
}
  
@inproceedings{arshad2015,
author = {Arshad, Sahar and Ullah, Saeed and Khan, Shoab Ahmed and Awan, M. Daud and Hayat Khayal, M. Sikandar},
title = {A Survey of Cloud Computing Variable Pricing Models},
year = {2015},
isbn = {9789897581007},
publisher = {SCITEPRESS - Science and Technology Publications, Lda},
address = {Setubal, PRT},
url = {https://doi.org/10.5220/0005429900270032},
doi = {10.5220/0005429900270032},
booktitle = {Proceedings of the 10th International Conference on Evaluation of Novel Approaches to Software Engineering},
pages = {27–32},
numpages = {6},
keywords = {Cloud Computing, Service Differentiation, Pricing Models, Market-oriented Computing.},
location = {Barcelona, Spain},
series = {ENASE 2015}
}
  
@article{fernandez2014,
  title={Big Data with Cloud Computing: an insight on the computing environment, MapReduce, and programming frameworks},
  author={Fern{\'a}ndez, Alberto and del R{\'\i}o, Sara and L{\'o}pez, Victoria and Bawakid, Abdullah and del Jesus, Mar{\'\i}a J and Ben{\'\i}tez, Jos{\'e} M and Herrera, Francisco},
  journal={Wiley Interdisciplinary Reviews: Data Mining and Knowledge Discovery},
  volume={4},
  number={5},
  pages={380--409},
  year={2014},
  publisher={Wiley Online Library}
}

@inproceedings{rimal2009,
  title={A taxonomy and survey of cloud computing systems},
  author={Rimal, Bhaskar Prasad and Choi, Eunmi and Lumb, Ian},
  booktitle={2009 Fifth International Joint Conference on INC, IMS and IDC},
  pages={44--51},
  year={2009},
  organization={Ieee}
}

@ARTICLE{6365155,
author={M. {Shiraz} and A. {Gani} and R. H. {Khokhar} and R. {Buyya}},
journal={IEEE Communications Surveys Tutorials},
title={A Review on Distributed Application Processing Frameworks in Smart Mobile Devices for Mobile Cloud Computing},
year={2013},
volume={15},
number={3},
pages={1294-1313},
keywords={cloud computing;mobile computing;mobile handsets;smart phones;distributed application processing frameworks;smart mobile devices;mobile cloud computing;mobile devices technology;service access devices;computing devices;computational intensive applications;stationary computers;CPU potentials;memory capacity;computational clouds resources;software level solution;computational intensive mobile applications;MCC domain;thematic taxonomy;migration pattern;distributed application processing;Mobile communication;Cloud computing;Distributed processing;Runtime;Computational modeling;Mobile handsets;Mobile Cloud Computing;Application Offloading;Elastic Applications;Distributed Systems},
doi={10.1109/SURV.2012.111412.00045},
ISSN={2373-745X},
month={Third}
}

@INPROCEEDINGS{7336993,
author={H. {Bangui} and S. {Rakrak} and S. {Raghay}},
booktitle={2015 International Conference on Cloud Technologies and Applications (CloudTech)},
title={External sources for mobile computing: The state-of-the-art, challenges, and future research},
year={2015},
volume={},
number={},
pages={1-8},
keywords={cloud computing;grid computing;mobile computing;external sources;mobile cloud computing;MCC;mobile cloud applications;academic community;computing industry;grid computing;Cloud computing;Grid computing;Mobile communication;Computational modeling;Organizations;Mobile computing;Mobile handsets;cloud computing;grid computing;mobile cloud computing;mobile computing;offloading;delegation},
doi={10.1109/CloudTech.2015.7336993},
ISSN={null},
month={June}
}

@INPROCEEDINGS{ribeiro2015,
author={M. {Ribeiro} and K. {Grolinger} and M. A. M. {Capretz}},
booktitle={2015 IEEE 14th International Conference on Machine Learning and Applications (ICMLA)},
title={MLaaS: Machine Learning as a Service},
year={2015},
volume={},
number={},
pages={896-902},
keywords={cloud computing;knowledge acquisition;learning (artificial intelligence);load forecasting;power engineering computing;MLaaS;machine learning as a service;knowledge extraction;global data sources;context-specific data;electricity demand forecast;real-world sensor data;weather data;Predictive models;Data models;Machine learning algorithms;Adaptation models;Prediction algorithms;Computer architecture;Training;Machine Learning as a Service;Supervised Learning;Regression;Prediction;Service Oriented Architecture;Service Component Architecture;Platform as a Service},
doi={10.1109/ICMLA.2015.152},
ISSN={null},
month={Dec}
}

@book{alpaydin2014introduction,
  title={Introduction to Machine Learning},
  author={Alpaydin, E.},
  isbn={9780262028189},
  lccn={2004109627},
  series={Adaptive Computation and Machine Learning series},
  url={https://books.google.com.br/books?id=NP5bBAAAQBAJ},
  year={2014},
  publisher={MIT Press}
}

@inproceedings{yao2017,
author = {Yao, Yuanshun and Xiao, Zhujun and Wang, Bolun and Viswanath, Bimal and Zheng, Haitao and Zhao, Ben Y.},
title = {Complexity vs. Performance: Empirical Analysis of Machine Learning as a Service},
year = {2017},
isbn = {9781450351188},
publisher = {Association for Computing Machinery},
address = {New York, NY, USA},
url = {https://doi.org/10.1145/3131365.3131372},
doi = {10.1145/3131365.3131372},
booktitle = {Proceedings of the 2017 Internet Measurement Conference},
pages = {384–397},
numpages = {14},
keywords = {cloud computing, machine learning},
location = {London, United Kingdom},
series = {IMC ’17}
}
  


@book {nltk,
    title = {Natural Language Processing with Python},
    author = {Bird, Steven, Edward Loper and Ewan Klein},
    year = {2009},
    publisher = {O’Reilly Media Inc.}
}

@online{mediumluiz,
    author = "Luiz Felipe da C. Souza",
    title = "No ônibus",
    url  = "https://medium.com/@luizsci42/no-ônibus-54e051509c2b",
    addendum = "(accessed: 19.07.2019)"
}

@inproceedings{kour2014real,
  title={Real-time segmentation of on-line handwritten arabic script},
  author={Kour, George and Saabne, Raid},
  booktitle={Frontiers in Handwriting Recognition (ICFHR), 2014 14th International Conference on},
  pages={417--422},
  year={2014},
  organization={IEEE}
}

@inproceedings{kour2014fast,
  title={Fast classification of handwritten on-line Arabic characters},
  author={Kour, George and Saabne, Raid},
  booktitle={Soft Computing and Pattern Recognition (SoCPaR), 2014 6th International Conference of},
  pages={312--318},
  year={2014},
  organization={IEEE}
}

@article{hadash2018estimate,
  title={Estimate and Replace: A Novel Approach to Integrating Deep Neural Networks with Existing Applications},
  author={Hadash, Guy and Kermany, Einat and Carmeli, Boaz and Lavi, Ofer and Kour, George and Jacovi, Alon},
  journal={arXiv preprint arXiv:1804.09028},
  year={2018}
}

@misc{miller2019leveraging,
    title={Leveraging BERT for Extractive Text Summarization on Lectures},
    author={Derek Miller},
    year={2019},
    eprint={1906.04165},
    archivePrefix={arXiv},
    primaryClass={cs.CL}
}